@misc{esposito2020blitzbdl,
    author = {Piero Esposito},
    title = {BLiTZ - Bayesian Layers in Torch Zoo (a Bayesian Deep Learing library for Torch)},
    year = {2020},
    publisher = {GitHub},
    journal = {GitHub repository},
    howpublished = {\url{https://github.com/piEsposito/blitz-bayesian-deep-learning/}},
}